@inproceedings{saito2003peer,
  title={Peer-to-peer money: Free currency over the Internet},
  author={Saito, Kenji},
  booktitle={Web and Communication Technologies and Internet-Related Social Issuesâ€”HSI 2003: Second International Conference on Human. Society@ Internet Seoul, Korea, June 18--20, 2003 Proceedings 2},
  pages={404--414},
  year={2003},
  organization={Springer}
}

@misc{kya,
  title = {Know Your Assumptions},
  howpublished = {\url{https://www.ergoforum.org/t/know-your-assumptions/4198}},
  note = {Accessed: 2023-01-30}
}

@article{machlup1970euro,
  title={Euro-dollar creation: A mystery story},
  author={Machlup, Fritz},
  journal={PSL Quarterly Review},
  volume={23},
  number={94},
  year={1970}
}

@article{nakamoto2008peer,
  title={A peer-to-peer electronic cash system},
  author={Nakamoto, Satoshi and Bitcoin, A},
  journal={Bitcoin.--URL: https://bitcoin.org/bitcoin.pdf},
  volume={4},
  number={2},
  year={2008}
}

@article{williams1996new,
  title={The new barter economy: an appraisal of Local Exchange and Trading Systems (LETS)},
  author={Williams, Colin C},
  journal={Journal of Public Policy},
  volume={16},
  number={1},
  pages={85--101},
  year={1996},
  publisher={Cambridge University Press}
}

@article{unterguggenbercer1934end,
  title={THE END RESULTS OF THE WOERGL EXPERIMENT.},
  author={Unterguggenbercer, Michael},
  journal={Annals of Public and Cooperative Economics},
  volume={10},
  number={1},
  pages={60--63},
  year={1934},
  publisher={Wiley Online Library}
}

@misc{impl,
  title = {ChainCash implementation},
  howpublished = {\url{https://github.com/kushti/chaincash/tree/master/contracts}},
  note = {Accessed: 2023-02-22}
}

@misc{contracts,
  title = {ChainCash contracts},
  howpublished = {\url{https://github.com/kushti/chaincash/tree/master/contracts}},
  note = {Accessed: 2023-02-22}
}

@techreport{chepurnoy2019contractual,
  title={On Contractual Money},
  author={Chepurnoy, Alexander and Saxena, Amitabh},
  year={2019},
  institution={EasyChair}
}

@misc{mtcs,
  title = {About CoFi},
  howpublished = {\url{https://cofi.informal.systems/about}},
  note = {Accessed: 2023-05-10}
}

@article{back2014enabling,
  title={Enabling blockchain innovations with pegged sidechains},
  author={Back, Adam and Corallo, Matt and Dashjr, Luke and Friedenbach, Mark and Maxwell, Gregory and Miller, Andrew and Poelstra, Andrew and Tim{\'o}n, Jorge and Wuille, Pieter},
  journal={URL: http://www. opensciencereview. com/papers/123/enablingblockchain-innovations-with-pegged-sidechains},
  volume={72},
  pages={201--224},
  year={2014}
}

@article{nakamoto2009,
  title={Bitcoin Whitepaper},
  author={},
  journal={Interventions},
  year={2021},
  url={https://bitcoin.org/bitcoin.pdf}
}




